<?xml version="1.0" encoding="UTF-8"?><collection xmlns="http://www.loc.gov/MARC21/slim"><record><leader>00429nam--2200145-i-4500</leader><controlfield tag="001">000010565</controlfield><controlfield tag="002">20161230</controlfield><controlfield tag="005">20161230201028</controlfield><controlfield tag="008">060222s1000------------r-----000-0-eng-d</controlfield><datafield ind1=" " ind2=" " tag="080"><subfield code="a">015:577.1</subfield></datafield><datafield ind1=" " ind2=" " tag="100"><subfield code="a">Decondts, Guy</subfield></datafield><datafield ind1=" " ind2=" " tag="245"><subfield code="a">Alkylation d`indoles par les hydroxymethylamin omethyl - et halomethyl-phenols. these</subfield></datafield><datafield ind1=" " ind2=" " tag="260"><subfield code="a">Orsay, L`Universite De Paris-sud, Centre D`Ors Ay, 1971. 92 P</subfield></datafield><datafield ind1=" " ind2=" " tag="490"><subfield code="a">Ser.A</subfield></datafield><datafield ind1=" " ind2=" " tag="852"><subfield code="a">38230</subfield></datafield></record></collection>